<record><leader>00000cas a22000007a 4500</leader><controlfield tag="001">23131616</controlfield><controlfield tag="008">910221c19849999coudn ne      0    0eng d</controlfield><datafield ind1=" " ind2=" " tag="010"><subfield code="a">sn 91052162 </subfield></datafield><datafield ind1=" " ind2=" " tag="040"><subfield code="a">CNQ</subfield><subfield code="b">eng</subfield><subfield code="c">CNQ</subfield><subfield code="d">NST</subfield><subfield code="d">OCLCQ</subfield></datafield><datafield ind1=" " ind2=" " tag="012"><subfield code="i">9210</subfield></datafield><datafield ind1="1" ind2=" " tag="029"><subfield code="a">AU@</subfield><subfield code="b">000050546800</subfield></datafield><datafield ind1=" " ind2=" " tag="042"><subfield code="a">msc</subfield></datafield><datafield ind1="0" ind2=" " tag="130"><subfield code="a">Journal-advocate (Sterling, Colo.)</subfield></datafield><datafield ind1="1" ind2="0" tag="245"><subfield code="a">Journal-advocate.</subfield></datafield><datafield ind1=" " ind2=" " tag="260"><subfield code="a">Sterling, Colo. :</subfield><subfield code="b">T. Patrick Cavanaugh</subfield></datafield><datafield ind1=" " ind2=" " tag="300"><subfield code="a">v.</subfield></datafield><datafield ind1=" " ind2=" " tag="310"><subfield code="a">Daily (except Sun.)</subfield></datafield><datafield ind1="0" ind2=" " tag="362"><subfield code="a">Sept. 12, 1984-</subfield></datafield><datafield ind1=" " ind2=" " tag="530"><subfield code="a">Available on microfilm from the Colorado Historical Society.</subfield></datafield><datafield ind1=" " ind2=" " tag="752"><subfield code="a">United States</subfield><subfield code="b">Colorado</subfield><subfield code="c">Logan</subfield><subfield code="d">Sterling.</subfield></datafield><datafield ind1="0" ind2="0" tag="780"><subfield code="t">Sterling journal-advocate</subfield><subfield code="w">(DLC)sn 90051857</subfield></datafield><datafield ind1=" " ind2=" " tag="850"><subfield code="a">CoU</subfield></datafield></record>